<record><leader>00000cas a2200000 a 4500</leader><controlfield tag="001">24231828</controlfield><controlfield tag="008">910814d18uu18uuiludn ne      0    0eng c</controlfield><datafield ind1=" " ind2=" " tag="010"><subfield code="a">sn 91055295 </subfield></datafield><datafield ind1=" " ind2=" " tag="040"><subfield code="a">NVF</subfield><subfield code="b">eng</subfield><subfield code="c">NVF</subfield><subfield code="d">OCL</subfield><subfield code="d">NVF</subfield><subfield code="d">OCLCQ</subfield><subfield code="d">OCLCF</subfield><subfield code="d">OCLCO</subfield></datafield><datafield ind1="1" ind2=" " tag="029"><subfield code="a">AU@</subfield><subfield code="b">000020226132</subfield></datafield><datafield ind1=" " ind2=" " tag="042"><subfield code="a">pcc</subfield></datafield><datafield ind1=" " ind2=" " tag="043"><subfield code="a">n-us-il</subfield></datafield><datafield ind1="0" ind2="0" tag="245"><subfield code="a">Watseka daily times.</subfield></datafield><datafield ind1=" " ind2=" " tag="250"><subfield code="a">Fair ed.</subfield></datafield><datafield ind1=" " ind2=" " tag="260"><subfield code="a">Watseka, Ill. :</subfield><subfield code="b">M.H. Peters</subfield></datafield><datafield ind1=" " ind2=" " tag="300"><subfield code="a">v.</subfield></datafield><datafield ind1=" " ind2=" " tag="310"><subfield code="a">Daily (during annual Watseka Fair)</subfield></datafield><datafield ind1=" " ind2=" " tag="588"><subfield code="a">Description based on: Sept. 11, 1883.</subfield></datafield><datafield ind1=" " ind2=" " tag="588"><subfield code="a">Latest issue consulted: Sept. 11, 1885.</subfield></datafield><datafield ind1=" " ind2="0" tag="651"><subfield code="a">Watseka (Ill.)</subfield><subfield code="v">Newspapers.</subfield></datafield><datafield ind1=" " ind2="7" tag="655"><subfield code="a">Newspapers.</subfield><subfield code="2">fast</subfield><subfield code="0">(OCoLC)fst01423814</subfield></datafield><datafield ind1=" " ind2="7" tag="651"><subfield code="a">Illinois</subfield><subfield code="z">Watseka.</subfield><subfield code="2">fast</subfield><subfield code="0">(OCoLC)fst01226870</subfield></datafield><datafield ind1=" " ind2=" " tag="752"><subfield code="a">United States</subfield><subfield code="b">Illinois</subfield><subfield code="c">Iroquois</subfield><subfield code="d">Watseka.</subfield></datafield><datafield ind1="0" ind2=" " tag="775"><subfield code="t">Iroquois County times (Watseka, Ill. : 1875)</subfield><subfield code="w">(DLC)sn 87082141</subfield><subfield code="w">(OCoLC)15307001</subfield></datafield></record>